
@misc{video_matlab_2017, 
title={Introduction to deep learning: What are Convolutional Neural Networks? video}, 
url={https://www.mathworks.com/videos/introduction-to-deep-learning-what-are-convolutional-neural-networks--1489512765771.html}, 
journal={Video - MATLAB}, 
year={2017}, 
month={Mar}
} 
@article{fukushima_1980, 
title={Neocognitron: A self-organizing neural network model for a mechanism of pattern recognition unaffected by shift in position}, 
volume={36}, 
DOI={10.1007/bf00344251}, 
number={4}, 
journal={Biological Cybernetics}, 
author={Fukushima, Kunihiko}, 
year={1980}, pages={193–202}} 
}
@article{lecun_bottou_bengio_haffner_1998, 
title={Gradient-based learning applied to document recognition}, 
volume={86}, DOI={10.1109/5.726791}, number={11}, 
journal={Proceedings of the IEEE}, 
author={Lecun, Y. and Bottou, L. and Bengio, Y. and Haffner, P.}, 
year={1998}, pages={2278–2324}
} 
@article{krizhevsky_sutskever_hinton_2017, 
title={ImageNet classification with deep convolutional Neural Networks}, 
volume={60}, DOI={10.1145/3065386}, number={6}, 
journal={Communications of the ACM}, 
author={Krizhevsky, Alex and Sutskever, Ilya and Hinton, Geoffrey E.}, 
year={2017}, pages={84–90}
} 
@article{ben-hur_2008, 
title={Support vector clustering}, volume={3}, 
DOI={10.4249/scholarpedia.5187}, 
number={6}, journal={Scholarpedia}, 
author={Ben-Hur, Asa}, year={2008}, pages={5187}
} 
@article{chih-wei_2002, 
title={A comparison of methods for multiclass support vector machines}, 
volume={13}, DOI={10.1109/72.991427}, number={2}, 
journal={IEEE Transactions on Neural Networks}, 
author={Chih-Wei Hsu and Chih-Jen Lin}, year={2002}, pages={415–425}
} 